@online{materialdesign,
    title="Material Design",
    author="https://m2.material.io/",
}